@inproceedings{bartzia2014formal,
	title={A formal library for elliptic curves in the Coq proof assistant},
	author={Bartzia, Evmorfia-Iro and Strub, Pierre-Yves},
	booktitle={International Conference on Interactive Theorem Proving},
	pages={77--92},
	year={2014},
	organization={Springer}
}


@article{thery2007proving,
	title={Proving the group law for elliptic curves formally},
	author={Th{\'e}ry, Laurent},
	year={2007}
}

@techreport{techreport,
	//type = {Tech. rep.},
	author = {Rodrigo Raya},
	title = {Verifying Elliptic Curves using Welder},
	submissiondate = {2017/06/21},
	year = {2017},
	urldate = {2019-07-14},
	url = {https://github.com/rjraya/WelderToolbox/blob/master/vec/documents/report.pdf},
	note = {Semester project report},
	institution = {Laboratory of Automatic Reasoning and Analysis, EPFL},
}

@article{russinoff2017computationally,
	title={A computationally surveyable proof of the group properties of an elliptic curve},
	author={Russinoff, David M},
	journal={arXiv preprint arXiv:1705.01226},
	year={2017}
}

@book{silverman1992rational,
	title={Rational points on elliptic curves},
	author={Silverman, Joseph H and Tate, John Torrence},
	volume={9},
	year={1992},
	publisher={Springer}
}

@article{Elliptic_Curves_Group_Law-AFP,
	author  = {Stefan Berghofer},
	title   = {The Group Law for Elliptic Curves},
	journal = {Archive of Formal Proofs},
	month   = feb,
	year    = 2017,
	note    = {\url{http://isa-afp.org/entries/Elliptic_Curves_Group_Law.html},
	Formal proof development},
	ISSN    = {2150-914x},
}

@article{edwards2007normal,
	title={A normal form for elliptic curves},
	author={Edwards, Harold},
	journal={Bulletin of the American mathematical society},
	volume={44},
	number={3},
	pages={393--422},
	year={2007}
}

@inproceedings{das2008pairing,
	title={Pairing computation on twisted Edwards form elliptic curves},
	author={Das, M Prem Laxman and Sarkar, Palash},
	booktitle={International Conference on Pairing-Based Cryptography},
	pages={192--210},
	year={2008},
	organization={Springer}
}

@article{hales2016group,
	title={The group law for Edwards curves},
	author={Hales, Thomas},
	journal={arXiv preprint arXiv:1610.05278},
	year={2016}
}

@inproceedings{bernstein2008twisted,
	title={Twisted edwards curves},
	author={Bernstein, Daniel J and Birkner, Peter and Joye, Marc and Lange, Tanja and Peters, Christiane},
	booktitle={International Conference on Cryptology in Africa},
	pages={389--405},
	year={2008},
	organization={Springer}
}


@misc{wenzel2019isabelle,
	title={The isabelle/isar reference manual},
	author={Wenzel, Makarius and others},
	year={2019}
}

@inproceedings{bernstein2007faster,
	title={Faster addition and doubling on elliptic curves},
	author={Bernstein, Daniel J and Lange, Tanja},
	booktitle={International Conference on the Theory and Application of Cryptology and Information Security},
	pages={29--50},
	year={2007},
	organization={Springer}
}

@article{Groebner_Bases-AFP,
	author  = {Fabian Immler and Alexander Maletzky},
	title   = {Gröbner Bases Theory},
	journal = {Archive of Formal Proofs},
	month   = may,
	year    = 2016,
	note    = {\url{http://isa-afp.org/entries/Groebner_Bases.html},
	Formal proof development},
	ISSN    = {2150-914x},
}

@article{paulson2006defining,
	title={Defining functions on equivalence classes},
	author={Paulson, Lawrence C},
	journal={ACM Transactions on Computational Logic (TOCL)},
	volume={7},
	number={4},
	pages={658--675},
	year={2006},
	publisher={ACM}
}

@book{baader1999term,
	title={Term rewriting and all that},
	author={Baader, Franz and Nipkow, Tobias},
	year={1999},
	publisher={Cambridge university press}
}

@inproceedings{ballarin2010tutorial,
	title={Tutorial to locales and locale interpretation},
	author={Ballarin, Clemens},
	booktitle={Contribuciones cient{\'\i}ficas en honor de Mirian Andr{\'e}s G{\'o}mez},
	pages={123--140},
	year={2010},
	organization={Universidad de La Rioja}
}

@inproceedings{kocher1999differential,
	title={Differential power analysis},
	author={Kocher, Paul and Jaffe, Joshua and Jun, Benjamin},
	booktitle={Annual International Cryptology Conference},
	pages={388--397},
	year={1999},
	organization={Springer}
}

@inproceedings{kasper2011fast,
	title={Fast elliptic curve cryptography in OpenSSL},
	author={K{\"a}sper, Emilia},
	booktitle={International Conference on Financial Cryptography and Data Security},
	pages={27--39},
	year={2011},
	organization={Springer}
}

@article{costello2018montgomery,
	title={Montgomery curves and their arithmetic},
	author={Costello, Craig and Smith, Benjamin},
	journal={Journal of Cryptographic Engineering},
	volume={8},
	number={3},
	pages={227--240},
	year={2018},
	publisher={Springer}
}

@inproceedings{maletzky2018grobner,
	title={Gr{\"o}bner Bases of Modules and Faug{\`e}re’s $F_4$ Algorithm in Isabelle/HOL},
	author={Maletzky, Alexander and Immler, Fabian},
	booktitle={International Conference on Intelligent Computer Mathematics},
	pages={178--193},
	year={2018},
	organization={Springer}
}

